<?xml version="1.0" encoding="UTF-8"?><collection xmlns="http://www.loc.gov/MARC21/slim"><record><leader>00690nam--2200193-u-4500</leader><controlfield tag="001">000052736</controlfield><controlfield tag="002">20161230</controlfield><controlfield tag="005">20161230201050</controlfield><controlfield tag="008">101008s1000------------r-----000-0-eng-d</controlfield><datafield ind1=" " ind2=" " tag="040"><subfield code="a">IFIN-HH</subfield></datafield><datafield ind1=" " ind2=" " tag="080"><subfield code="a">534(061.3)</subfield></datafield><datafield ind1="1" ind2=" " tag="110"><subfield code="a">Acoustical Committee of the Polish Academy of Sciences</subfield></datafield><datafield ind1="1" ind2="0" tag="245"><subfield code="a">Proceedings of the Second Congress of the Federation of Acoustical Societies of Europe</subfield><subfield code="b">FASE - 78, Warszawa 18-22 September 1978</subfield><subfield code="c">Z. Pawlowski, J.K. Zieniuk, L. Filipczynski, H. Ryffert (Eds.)</subfield></datafield><datafield ind1=" " ind2=" " tag="260"><subfield code="a">Warszawa</subfield><subfield code="b">Wroclawska Drukarnia Naukowa</subfield><subfield code="c">1978</subfield></datafield><datafield ind1=" " ind2=" " tag="300"><subfield code="a">3 volume</subfield></datafield><datafield ind1="1" ind2=" " tag="700"><subfield code="a">Ryffert, H</subfield></datafield><datafield ind1="1" ind2=" " tag="787"><subfield code="a">Vol. III</subfield><subfield code="h">241 p</subfield></datafield><datafield ind1=" " ind2=" " tag="852"><subfield code="a">46149</subfield><subfield code="c">534</subfield></datafield><datafield ind1=" " ind2=" " tag="CAT"><subfield code="a">Sys</subfield><subfield code="c">20101008</subfield><subfield code="h">113054</subfield></datafield></record></collection>